% Bibliografia
%------------------------------------------------
% Para comentar uma opção da entrada, deve-se usar '?_'.

% Artigos
%------------------------------------
@article{art:Arens-TopologiesforHomeomorphismGroups,
ISSN = {00029327, 10806377},
URL = {http://www.jstor.org/stable/2371787},
author = {Richard Arens},
journal = {American Journal of Mathematics},
number = {4},
pages = {593--610},
publisher = {Johns Hopkins University Press},
title = {Topologies for Homeomorphism Groups},
volume = {68},
year = {1946}
}


% Exemplos
@article{art:exemplo,
	author		= {Autor do Artigo},
	title		= {Título do Artigo},
	journal		= {Revista},
	?_volume	= {},
	?_number	= {},
	?_pages		= {},
	year		= {2000},
	?_month		= {},
	?_note		= {},
}

@article{art:exemplocompleto,
	author				= {Autor do Artigo},
	OPTtranslator		= {},
	OPTannotator		= {},
	OPTcommentator		= {},
	OPTeditor			= {},
	OPTeditora			= {},
	OPTeditorb			= {},
	OPTeditorc			= {},
	title				= {Título do Artigo},
	OPTsubtitle			= {},
	OPTtitleaddon		= {},
	journaltitle		= {Revista},
	OPTjournalsubtitle	= {},
	OPTissuetitle		= {},
	OPTissuesubtitle	= {},
	year				= {2000},
	OPTlanguage			= {},
	OPToriglanguage		= {},
	langid				= {italian},
	OPTseries			= {},
	OPTvolume			= {},
	OPTnumber			= {},
	OPTeid				= {},
	OPTissue			= {},
	OPTmonth			= {},
	OPTpages			= {},
	OPTversion			= {},
	OPTnote				= {},
	OPTissn				= {},
	OPTaddendum			= {},
	OPTpubstate			= {},
	OPTdoi				= {},
	OPTeprint			= {},
	OPTeprintclass		= {},
	OPTeprinttype		= {},
	OPTurl				= {},
	OPTurldate			= {}
}


% Livros
%------------------------------------
@book{liv:exemplo,
	author		= {Autor do Livro and Autor Segundo and Terceiro Autor},
	title		= {Título do Livro},
	publisher	= {Editora},
	?_volume	= {},
	?_number	= {},
	?_series	= {},
	?_address	= {},
	?_edition	= {},
	year		= {2000},
	?_month		= {},
	?_note		= {},
}

@book{liv:exemplocompleto,
	author				= {Autor do Livro and Autor Segundo and Terceiro Autor},
	title				= {Título do Livro},
	year				= {2000},
	OPTeditor			= {},
	OPTeditora			= {},
	OPTeditorb			= {},
	OPTeditorc			= {},
	OPTtranslator		= {},
	OPTannotator		= {},
	OPTcommentator		= {},
	OPTintroduction		= {},
	OPTforeword			= {},
	OPTafterword		= {},
	OPTsubtitle			= {},
	OPTtitleaddon		= {},
	OPTmaintitle		= {},
	OPTmainsubtitle		= {},
	OPTmaintitleaddon	= {},
	OPTlanguage			= {},
	OPToriglanguage		= {},
	langid				= {brazilian},
	OPTvolume			= {},
	OPTpart				= {},
	OPTedition			= {},
	OPTvolumes			= {},
	OPTseries			= {},
	OPTnumber			= {},
	OPTnote				= {},
	publisher			= {Editora},
	OPTlocation			= {},
	OPTisbn				= {},
	OPTchapter			= {},
	OPTpages			= {},
	OPTpagetotal		= {},
	OPTaddendum			= {},
	OPTpubstate			= {},
	OPTdoi				= {},
	OPTeprint			= {},
	OPTeprintclass		= {},
	OPTeprinttype		= {},
	OPTurl				= {},
	OPTurldate			= {},
}

% Sítios
%------------------------------------
@online{sit:exemplo,
	author			= {Autor do Sítio},
	title			= {Título do sítio},
	url			= {http://www.example.edu/},
	urldate 		= {2000-12-31},
	year			= {2000},
	?_month			= {},
	?_note			= {},
}

@online{sit:exemplocompleto,
	author				= {Autor do Sítio},
	title				= {Título do Sítio},
	year				= {2000},
	url					= {http://www.example.edu/},
	OPTsubtitle			= {},
	OPTtitleaddon		= {},
	OPTlanguage			= {},
	OPTversion			= {},
	OPTnote				= {},
	OPTorganization		= {},
	OPTdate				= {},
	OPTmonth			= {},
	OPTaddendum			= {},
	OPTpubstate			= {},
	urldate			= {2000-12-31},
}



% Sítios
%------------------------------------
@misc{sit:referenciaantiga,
	author			= {Autor do Sítio},
	title			= {Título do sítio},
	howpublished 	= {\url{http://www.example.edu/}},
	?_url			= {http://www.example.edu/},
	?_urldate 		= {2000-12-31},
	year			= {Acessado em 31/12/2000},
	?_month			= {},
	?_note			= {Acessado em 31/12/2000.},
}
% REFERÊNCIA: https://tex.stackexchange.com/questions/3587/how-can-i-use-bibtex-to-cite-a-web-page
% NOTA: O url e o urldate são opções do BibLaTeX. Se usando esse pacote, poderia ser usada a entrada 'online' em vez de 'misc'.
